@INPROCEEDINGS{study-threat-model,
  author          = {Z. A. {Khattak} and S. {Sulaiman} and J. A. {Manan}},
  booktitle       = {2010 International Symposium on Information Technology},
  title           = {A study on threat model for federated identities in
                  federated identity management system},
  year            = 2010,
  volume          = 2,
  pages           = {618-623},
  doi             = {10.1109/ITSIM.2010.5561611}
}
